@online{OpenStackDoc-control,
    author = "OpenStack official documentation",
    title = "Control plane architecture",
    url  = "https://docs.openstack.org/arch-design/design-control-plane.html",
    addendum = "(accessed: 2023)",
}

@online{OpenStackDoc-compute,
    author = "OpenStack official documentation",
    title = "Compute architecture",
    url  = "https://docs.openstack.org/arch-design/design-compute.html",
    addendum = "(accessed: 2023)",
}

@online{OpenStackDoc-storage,
    author = "OpenStack official documentation",
    title = "Storage architecture",
    url  = "https://docs.openstack.org/arch-design/design-storage.html",
    addendum = "(accessed: 2023)",
}

@online{OpenStackDoc-storage-concept,
    author = "OpenStack official documentation",
    title = "Storage concepts",
    url  = "https://docs.openstack.org/arch-design/design-storage/design-storage-concepts.html",
    addendum = "(accessed: 2023)",
}

@online{OpenStackDoc-network,
    author = "OpenStack official documentation",
    title = "Network architecture",
    url  = "https://docs.openstack.org/arch-design/design-networking.html",
    addendum = "(accessed: 2023)",
}

@online{OpenStackDoc-design,
    author = "OpenStack official documentation",
    title = "Design",
    url  = "https://docs.openstack.org/arch-design/design.html",
    addendum = "(accessed: 2023)",
}

@online{QEMUDoc,
    author = "QEMU official documentation",
    title = "QEMU",
    url  = "https://www.qemu.org/docs/master/about/index.html",
    addendum = "(accessed: 2023)",
}

@online{KVMDoc,
    author = "KVM official documentation",
    title = "KVM",
    url  = "https://www.linux-kvm.org/page/Main_Page",
    addendum = "(accessed: 2023)",
}

@online{libvirtDoc,
    author = "libvirt official documentation",
    title = "libvirt",
    url  = "https://libvirt.org/index.html",
    addendum = "(accessed: 2023)",
}

@online{libvirtDoc-remote-support,
    author = "libvirt official documentation",
    title = "Remote support",
    url  = "https://libvirt.org/remote.html",
    addendum = "(accessed: 2023)",
}

@online{libvirtDoc-connection-uri,
    author = "libvirt official documentation",
    title = "Connection URIs",
    url  = "https://libvirt.org/uri.html",
    addendum = "(accessed: 2023)",
}

@online{libvirtDoc-daemon,
    author = "libvirt official documentation",
    title = "Libvirt Daemons",
    url  = "https://libvirt.org/daemons.html",
    addendum = "(accessed: 2023)",
}

@online{libvirtDoc-api,
    author = "libvirt official documentation",
    title = "Main libvirt APIs",
    url  = "https://libvirt.org/html/#main-libvirt-apis",
    addendum = "(accessed: 2023)",
}

@online{OpenCLDoc,
    author = "OpenCL official documentation",
    title = "OpenCL Resource Guide",
    url  = "https://www.khronos.org/opencl/resources",
    addendum = "(accessed: 2023)",
}

@online{ROCmDoc,
    author = "AMD ROCm official documentation",
    title = "AMD ROCm documentation",
    url  = "https://rocm.docs.amd.com/en/docs-6.0.0",
    addendum = "(accessed: 2023)",
}
@online{SubstrateDoc,
    author = "Substrate official documentation",
    title = "Welcome to Substrate",
    url  = "https://docs.substrate.io/learn/welcome-to-substrate/",
    addendum = "(accessed: 2023)",
}

@online{SubstrateDoc-arch,
    author = "Substrate official documentation",
    title = "Architecture and Rust libraries",
    url  = "https://docs.substrate.io/learn/architecture",
    addendum = "(accessed: 2023)",
}

@online{SubstrateDoc-node,
    author = "Substrate official documentation",
    title = "Networks-and-nodes",
    url  = "https://docs.substrate.io/learn/networks-and-nodes",
    addendum = "(accessed: 2023)",
}

@online{SubstrateDoc-sc,
    author = "Substrate official documentation",
    title = "Decide what to build",
    url  = "https://docs.substrate.io/design/decide-what-to-build/",
    addendum = "(accessed: 2023)",
}

@online{Polkadot-whitepaper,
    author = "Dr. Gavin Wood",
    title = "Polkadot original whitepaper",
    url  = "https://assets.polkadot.network/Polkadot-whitepaper.pdf",
    addendum = "(accessed: 2023)",
}

@online{PolkadotDoc-parachain,
    author = "Polkadot official documentation",
    title = "Parachains",
    url  = "https://wiki.polkadot.network/docs/learn-parachains",
    addendum = "(accessed: 2023)",
}

@online{PolkadotDoc-collator,
    author = "Polkadot official documentation",
    title = "Collator",
    url  = "https://wiki.polkadot.network/docs/learn-collator",
    addendum = "(accessed: 2023)",
}

@online{PolkadotDoc-validator,
    author = "Polkadot official documentation",
    title = "Validator",
    url  = "https://wiki.polkadot.network/docs/learn-validator",
    addendum = "(accessed: 2023)",
}

@online{PolkadotDoc-sys-parachain,
    author = "Polkadot official documentation",
    title = "Parachains",
    url  = "https://wiki.polkadot.network/docs/learn-system-chains",
    addendum = "(accessed: 2023)",
}

@online{Parity-book-parachain,
    author = "Parity official guide",
    title = "The Polkadot Parachain Host Implementers' Guide",
    url  = "https://paritytech.github.io/polkadot-sdk/book/index.html",
    addendum = "(accessed: 2023)",
}

@online{Parity-docs-babe,
    author = "Parity official documantation",
    title = "pallet_babe",
    url  = "https://paritytech.github.io/polkadot-sdk/master/pallet_babe/index.html",
    addendum = "(accessed: 2024)",
}

@online{Parity-docs-grandpa,
    author = "Parity official documantation",
    title = "pallet_grandpa",
    url  = "https://paritytech.github.io/polkadot-sdk/master/pallet_grandpa/index.html",
    addendum = "(accessed: 2024)",
}

@online{Parity-docs-npos,
    author = "Parity official documantation",
    title = "pallet_staking",
    url  = "https://paritytech.github.io/polkadot-sdk/master/pallet_staking/index.html",
    addendum = "(accessed: 2024)",
}

@online{Webass,
    author = "Webassembly official documentation",
    title = "Webassembly",
    url  = "https://webassembly.org/",
    addendum = "(accessed: 2023)",
}

@online{HashiDoc,
    author = "Hashicorp official documentation",
    title = "What is Terraform?",
    url  = "https://developer.hashicorp.com/terraform/intro",
    addendum = "(accessed: 2023)",
}

@online{AnsiDoc,
    author = "Ansible-Community official documentation",
    title = "Introduction to Ansible",
    url  = "https://docs.ansible.com/ansible/latest/getting_started/introduction.html",
    addendum = "(accessed: 2023)",
}

@online{GitLabDoc,
    author = "GitLab official documentation",
    title = "What is GitOps?",
    url  = "https://about.gitlab.com/topics/gitops",
    addendum = "(accessed: 2023)",
}

@online{GitLabDoc-ci-cd,
    author = "GitLab official documentation",
    title = "What is CI/CD?",
    url  = "https://about.gitlab.com/topics/ci-cd/",
    addendum = "(accessed: 2023)",
}

@online{Wikipedia-hypervisor,
    author = "Wikipedia",
    title = "Hypervisor",
    url  = "https://en.wikipedia.org/wiki/Hypervisor",
    addendum = "(accessed: 2023)",
}

@online{Wikipedia-iac,
    author = "Wikipedia",
    title = "Infrastructure as code",
    url  = "https://en.wikipedia.org/wiki/Infrastructure_as_code",
    addendum = "(accessed: 2023)",
}

@online{WikipediaDoc-rdp,
    author = "Wikipedia",
    title = "Desktop virtualization",
    url  = "https://en.wikipedia.org/wiki/Desktop_virtualization",
    addendum = "(accessed: 2023)",
}

@online{WikipediaDoc-payu,
    author = "Wikipedia",
    title = "Pay-as-you-use",
    url  = "https://en.wikipedia.org/wiki/Pay-as-you-use",
    addendum = "(accessed: 2023)",
}

@online{baas,
    author = "Jie Song; Pengyi Zhang; Mohammed Alkubati; Yubin Bao; Ge Yu",
    title = "Research advances on blockchain-as-a-service: architectures, applications and challenges",
    url  = "https://www.sciencedirect.com/science/article/pii/S2352864821000092",
    addendum = "(accessed: 2023)",
}

@online{VMwareDoc-vdi,
    author = "VMware official documentation",
    title = "What is VDI (Virtual Desktop Infrastructure)?",
    url  = "https://www.vmware.com/topics/glossary/content/virtual-desktop-infrastructure-vdi.html",
    addendum = "(accessed: 2023)",
}

@online{VMwareDoc-sdn,
    author = "VMware official documentation",
    title = "What is Software-Defined Networking (SDN)?",
    url  = "https://www.vmware.com/topics/glossary/content/software-defined-networking.html.html",
    addendum = "(accessed: 2023)",
}

@online{david-hainemeier-hansson,
    author = "David Heinemeier Hansson",
    title = "The Big Cloud Exit FAQ",
    url  = "https://world.hey.com/dhh/the-big-cloud-exit-faq-20274010",
    addendum = "(accessed: 2023)",
}

@online{ink!articl,
    author = "Michi MÃ¼ller",
    title = "What is Parity's ink!?",
    url  = "https://www.parity.io/blog/what-is-paritys-ink",
    addendum = "(accessed: 2023)",
}

@online{rust-book,
    author = "Steve Klabnik and Carol Nichols, with contributions from the Rust Community",
    title = "The Rust Programming Language",
    url  = "https://doc.rust-lang.org/book/ch00-00-introduction.html",
    addendum = "(accessed: 2023)",
}

@online{sub-contract-pallet,
    author = "Parity github documentation",
    title = "Contracts Module",
    url  = "https://github.com/paritytech/polkadot-sdk/tree/master/substrate/frame/contracts#contracts-module",
    addendum = "(accessed: 2023)",
}

@online{cncf-land,
    author = "Cloud Native Computing Foundation",
    title = "CNCF Cloud Native Interactive Landscape",
    url  = "https://landscape.cncf.io/",
    addendum = "(accessed: 2023)",
}

@online{iaas-paas-saas,
    author = "Geeksforgeeks",
    title = "Cloud Based Services",
    url  = "https://www.geeksforgeeks.org/cloud-based-services/?ref=lbp",
    addendum = "(accessed: 2023)",
}