@online{AboutLogosNetworkDocs,
    author = "LogosLabs documentation",
    title = "About Logos network",
    url  = "https://docs.logoslabs.io/learn/logos-general/aboutLogosNetwork",
    addendum = "(accessed: 2024)",
}

@online{sub0layerBlog,
    author = "LogosLabs blog",
    title = "Decoding the sub0layer: Technical Overview and Future Prospects",
    url  = "https://blog.logoslabs.io/year_2024/decoding_the_sub0layer",
    addendum = "(accessed: 2024)",
}